@article{viper,
    author =       "{Peter M\"uller, Malte Schwerhoff and Alexander J. Summers}",
    title =        "{Viper: A Verification Infrastructure for Permission-Based Reasoning}",
    year =         "2016",
	organization=  "ETH Zürich"
}
 
@article{magicwand,
    author =       "{Malte Schwerhoff and Alexander J. Summers}",
    title =        "{Lightweight Support for Magic Wands in an Automatic Verifier}",
    year =         "2015",
	organization=  "ETH Zürich"
}

@article{isc,
    author =       "{Peter M\"uller, Malte Schwerhoff and Alexander J. Summers}",
    title =        "{Automatic Verification of Iterated Separating Conjunctions using Symbolic Execution}",
    year =         "2016",
	organization=  "ETH Zürich"
}